% This file was created with JabRef 2.9b2.
% Encoding: UTF8

@BOOK{BrPe2002_open_quantum,
  title = {The Theory of Open Quantum Systems},
  publisher = {Oxford University Press on Demand},
  year = {2002},
  author = {Breuer, H.P. and Petruccione, F.},
  isbn = {9780198520634},
  lccn = {2002075713},
  url = {http://books.google.de/books?id=0Yx5VzaMYm8C}
}

@ARTICLE{ChYo2013_fermionic_nmqsd,
  author = {Chen, Mi and You, J. Q.},
  title = {Non-Markovian quantum state diffusion for an open quantum system
	in fermionic environments},
  journal = {Phys. Rev. A},
  year = {2013},
  volume = {87},
  pages = {052108},
  month = {May},
  doi = {10.1103/PhysRevA.87.052108},
  issue = {5},
  numpages = {8},
  publisher = {American Physical Society},
  url = {http://link.aps.org/doi/10.1103/PhysRevA.87.052108}
}

@ARTICLE{DiGiSt98_nmqsd,
  author = {Lajos Di\'osi and Nicolas Gisin and Walter T. Strunz},
  title = {Non-Markovian quantum state diffusion},
  journal = {Phys. Rev. A},
  year = {1998},
  volume = {58},
  pages = {1699--1712},
  month = {Sep},
  doi = {10.1103/PhysRevA.58.1699},
  file = {:DiGiStr98_nmqsd.pdf:PDF},
  issue = {3},
  publisher = {American Physical Society},
  url = {http://link.aps.org/doi/10.1103/PhysRevA.58.1699}
}

@ARTICLE{Di96_wave_eq,
  author = {Lajos Diósi},
  title = {Exact semiclassical wave equation for stochastic quantum optics},
  journal = {Quantum and Semiclassical Optics: Journal of the European Optical
	Society Part B},
  year = {1996},
  volume = {8},
  pages = {309},
  number = {1},
  abstract = {Semiclassical (stochastic) wave equations are proposed for the coupled
	dynamics of atomic quantum states and semiclassical radiation field.
	All relevant predictions of standard unitary quantum dynamics are
	exactly reproducible in the framework of the stochastic wave equation
	model. We stress in such a way that the concept of stochastic wave
	equations is not to be restricted to the widely used Markovian approximation.},
  file = {:Di96_wave_eq.pdf:PDF},
  url = {http://stacks.iop.org/1355-5111/8/i=1/a=023}
}

@ARTICLE{DiSt97_nmsse,
  author = {Lajos Diósi and Walter T. Strunz},
  title = {The non-Markovian stochastic Schrödinger equation for open systems
	},
  journal = {Physics Letters A },
  year = {1997},
  volume = {235},
  pages = {569 - 573},
  number = {6},
  doi = {http://dx.doi.org/10.1016/S0375-9601(97)00717-2},
  file = {:DiSt97_nmsse.pdf:PDF},
  issn = {0375-9601},
  keywords = {Non-Markovian open systems},
  url = {http://www.sciencedirect.com/science/article/pii/S0375960197007172}
}

@BOOK{HiKuPoSt93_white_noise,
  title = {White Noise: An Infinite Dimensional Calculus},
  publisher = {Springer},
  year = {1993},
  author = {Hida, T.},
  series = {Mathematics and Its Applications},
  isbn = {9780792322337},
  lccn = {93003228},
  url = {http://books.google.de/books?id=oWbo7PCguDMC}
}

@BOOK{Hi80_brownian_motion,
  title = {Brownian motion},
  publisher = {Springer-Verlag},
  year = {1980},
  author = {Hida, T.},
  series = {Applications of mathematics},
  isbn = {9780387904399},
  lccn = {79016742},
  url = {http://books.google.de/books?id=QH4pAQAAMAAJ}
}

@ARTICLE{Hu11_pade,
  author = {Jie Hu and Meng Luo and Feng Jiang and Rui-Xue Xu and YiJing Yan},
  title = {Pad\'{e} spectrum decompositions of quantum distribution functions
	and optimal hierarchical equations of motion construction for quantum
	open systems},
  journal = {The Journal of Chemical Physics},
  year = {2011},
  volume = {134},
  pages = {244106},
  number = {24},
  eid = {244106},
  doi = {10.1063/1.3602466},
  keywords = {boson systems; fermion systems; Markov processes; quantum dots; tunnelling},
  numpages = {10},
  publisher = {AIP},
  url = {http://link.aip.org/link/?JCP/134/244106/1}
}

@ARTICLE{Le87_spinboson,
  author = {Leggett, A. J. and Chakravarty, S. and Dorsey, A. T. and Fisher,
	Matthew P. A. and Garg, Anupam and Zwerger, W.},
  title = {Dynamics of the dissipative two-state system},
  journal = {Rev. Mod. Phys.},
  year = {1987},
  volume = {59},
  pages = {1--85},
  month = {Jan},
  doi = {10.1103/RevModPhys.59.1},
  issue = {1},
  publisher = {American Physical Society},
  url = {http://link.aps.org/doi/10.1103/RevModPhys.59.1}
}

@BOOK{MaKu11_dynamics,
  title = {Charge and Energy Transfer Dynamics in Molecular Systems},
  publisher = {Wiley},
  year = {2011},
  author = {May, V. and K{\"u}hn, O.},
  isbn = {9783527407323},
  lccn = {2011293968},
  url = {http://books.google.de/books?id=6w10SwAACAAJ}
}

@ARTICLE{RiEi13_bcf,
  author = {Gerhard Ritschel and Alexander Eisfeld},
  title = {On analytic bath correlation functions obtained from broader class
	of spectral densities},
  journal = {!!!To be annonounced!!!}
}

@ARTICLE{RoEiWoSt09_aggregats,
  author = {Roden, Jan and Alexander Eisfeld and Wolfgang Wolff and Walter T.
	Strunz},
  title = {Influence of Complex Exciton-Phonon Coupling on Optical Absorption
	and Energy Transfer of Quantum Aggregates},
  journal = {Physical Review Letters},
  year = {2009},
  volume = {103},
  pages = {058301},
  number = {5},
  eid = {058301},
  doi = {10.1103/PhysRevLett.103.058301},
  file = {:RoEiWoSt09_aggregats.pdf:PDF},
  numpages = {4},
  url = {http://link.aps.org/abstract/PRL/v103/e058301}
}

@ARTICLE{RoStEi11_nmqsd_aggregats,
  author = {Jan Roden and Walter T. Strunz and Alexander Eisfeld},
  title = {Non-Markovian quantum state diffusion for absorption spectra of molecular
	aggregates},
  journal = {The Journal of Chemical Physics},
  year = {2011},
  volume = {134},
  pages = {034902},
  number = {3},
  eid = {034902},
  doi = {10.1063/1.3512979},
  file = {:RoStEi11_nmqsd_aggregats.pdf:PDF},
  keywords = {aggregates (materials); approximation theory; diffusion; excited states;
	phonons},
  numpages = {17},
  publisher = {AIP},
  url = {http://link.aip.org/link/?JCP/134/034902/1}
}

@BOOK{Ru91_functional_analysis,
  title = {Functional analysis},
  publisher = {McGraw-Hill},
  year = {1991},
  author = {Rudin, W.},
  series = {International series in pure and applied mathematics},
  file = {:/home/dsuess/Documents/Diplomarbeit/Papers/Ru91_functional_analysis.pdf:PDF},
  isbn = {9780070542365},
  lccn = {lc90005677},
  url = {http://books.google.de/books?id=Sh\_vAAAAMAAJ}
}

@BOOK{Sc05_mims,
  title = {Measures, Integrals and Martingales},
  publisher = {Cambridge University Press},
  year = {2005},
  author = {Schilling, R.L.},
  number = {Bd. 13},
  series = {Measures, integrals and martingales},
  isbn = {9780521850155},
  lccn = {2006275970},
  url = {http://books.google.de/books?id=\_OjSIphIrH0C}
}

@ARTICLE{St96_lin_nmqsd,
  author = {Walter T. Strunz},
  title = {Linear quantum state diffusion for non-Markovian open quantum systems
	},
  journal = {Physics Letters A },
  year = {1996},
  volume = {224},
  pages = {25 - 30},
  number = {1–2},
  doi = {http://dx.doi.org/10.1016/S0375-9601(96)00805-5},
  file = {:St96_lin_nmqsd.pdf:PDF},
  issn = {0375-9601},
  keywords = {Non-Markovian open quantum systems},
  url = {http://www.sciencedirect.com/science/article/pii/S0375960196008055}
}

@ARTICLE{StDiGi99_nmq_traj,
  author = {Strunz, Walter T. and Di\'osi, Lajos and Gisin, Nicolas},
  title = {Open System Dynamics with Non-Markovian Quantum Trajectories},
  journal = {Phys. Rev. Lett.},
  year = {1999},
  volume = {82},
  pages = {1801--1805},
  month = {Mar},
  doi = {10.1103/PhysRevLett.82.1801},
  file = {:StDiGi99_nmq_traj.pdf:PDF},
  issue = {9},
  publisher = {American Physical Society},
  url = {http://link.aps.org/doi/10.1103/PhysRevLett.82.1801}
}

@ARTICLE{Ta06_stochastic,
  author = {Yoshitaka Tanimura},
  title = {Stochastic Liouville, Langevin, Fokker--Planck, and Master Equation
	Approaches to Quantum Dissipative Systems},
  journal = {Journal of the Physical Society of Japan},
  year = {2006},
  volume = {75},
  pages = {082001},
  number = {8},
  doi = {10.1143/JPSJ.75.082001},
  numpages = {39},
  publisher = {The Physical Society of Japan},
  url = {http://jpsj.ipap.jp/link?JPSJ/75/082001/}
}

@BOOK{We99_dissipative_systems,
  title = {Quantum Dissipative Systems (Second Edition)},
  publisher = {World Scientific Publishing Company Incorporated},
  year = {1999},
  author = {Weiss, U.},
  series = {Series in Modern Condensed Matter Physics},
  isbn = {9789810240929},
  url = {http://books.google.de/books?id=kqZclKUZdq0C}
}

@comment{jabref-meta: fileDirectory-dsuess@graviton:/home/dsuess/Docum
   ents/Diplomarbeit/Papers;}

@comment{jabref-meta: fileDirectory:/home/dsuess/Documents/Diplomarbei
      t/Thesis;}

@comment{jabref-meta: pdfDirectory:/home/dsuess/Documents/Diplomarbeit
         /Papers;}

